@book{entry-key,
  title={Latex, A Document Preparation System, 1986},
  author={Lamport, Leslie and Bibby, D},
  publisher={Addison-Wesley, Reading, MA}
}